%% LaTeX2e file `report.bib'
%% generated by the `filecontents' environment
%% from source `report' on 2019/12/06.
%%

@online{c1,
author = {Rahmonov, Jahongir},
title  = {How to write a Python web framework. Part I.},
date   = {2019-02},
url    = {https://rahmonov.me/posts/write-python-framework-part-one/}
}
@online{c2,
author = {Rahmonov, Jahongir},
title  = {How to write a Python web framework. Part II.},
date   = {2019-02},
url    = {https://rahmonov.me/posts/write-python-framework-part-two/}
}
@online{c3,
author = {Rahmonov, Jahongir},
title  = {How to write a Python web framework. Part III.},
date   = {2019-03},
url    = {https://rahmonov.me/posts/write-python-framework-part-three/}
}
